@article{hastie2009,
	title={\textbf{The elements of statistical learning}: data mining, inference and prediction},
	author={Hastie, Trevor and Tibshirani, Robert and Friedman, Jerome},
	journal={Springer-Verlag, New York},
	year={2009},
	issn={0172-7397},
	doi={10.1007/b94608},
	url={https://doi.org/10.1007/978-0-387-84858-7}
}

@misc{wieringen2015,
	title={\textbf{Lecture notes on ridge regression}},
	author={Wessel N. van Wieringen},
	year={2015},
	eprint={1509.09169},
	archivePrefix={arXiv},
	primaryClass={stat.ME}
}

@misc{earthexplorer,
	title={\textbf{U.S. Geological Survey EarthExplorer}},
	url={https://earthexplorer.usgs.gov/}
}