@misc{UCI,
  title={{Default of credit card clients Data Set}},
  author={UCI Machine Learning Repository},
  howpublished={\url{https://archive.ics.uci.edu/ml/datasets/default+of+credit+card+clients}},
  note = {Retrieved: 22-10-2019}
}

@article{origarticle,
	title={The comparisons of data mining techniques for the predictive accuracy of probability of default of credit card clients},
	author={Yeh, I-Cheng and Lien, Che-hui},
	journal={Expert Systems with Applications},
	volume={36},
	number={2},
	pages={2473--2480},
	year={2009},
	publisher={Elsevier}
}

@article{proj1,
	author={Langstad Kristoffer},
	title={{FYS-STK 4155 Project 1}},
	series={{FYS-STK4155 Applied Data Analysis and Machine Learning}},
	year={2019},
	howpublished={\url{https://github.com/krilangs/FYS-STK4155/tree/master/Project1}}
}